<record><leader>00000cas a22000007a 4500</leader><controlfield tag="001">27787322</controlfield><controlfield tag="008">930324d18781888iluwr ne      0    0eng d</controlfield><datafield ind1=" " ind2=" " tag="010"><subfield code="a">sn 93060159 </subfield></datafield><datafield ind1=" " ind2=" " tag="040"><subfield code="a">MQN</subfield><subfield code="b">eng</subfield><subfield code="c">MQN</subfield><subfield code="d">OCLCQ</subfield><subfield code="d">OCLCF</subfield><subfield code="d">OCLCO</subfield><subfield code="d">OCLCA</subfield><subfield code="d">OCL</subfield></datafield><datafield ind1=" " ind2=" " tag="042"><subfield code="a">msc</subfield></datafield><datafield ind1=" " ind2=" " tag="043"><subfield code="a">n-usc--</subfield><subfield code="a">n-us-il</subfield></datafield><datafield ind1="0" ind2=" " tag="130"><subfield code="a">Church progress (Marshall, Ill. : 1878)</subfield></datafield><datafield ind1="1" ind2="0" tag="245"><subfield code="a">Church progress.</subfield></datafield><datafield ind1=" " ind2=" " tag="260"><subfield code="a">Marshall, Ill. :</subfield><subfield code="b">Rev. Chas. Kuhlmann</subfield></datafield><datafield ind1=" " ind2=" " tag="300"><subfield code="a">v.</subfield></datafield><datafield ind1=" " ind2=" " tag="310"><subfield code="a">Weekly</subfield></datafield><datafield ind1="1" ind2=" " tag="362"><subfield code="a">Began in 1878?</subfield></datafield><datafield ind1="0" ind2=" " tag="362"><subfield code="a">-v. 10, no. 41 (Feb. 4, 1888).</subfield></datafield><datafield ind1=" " ind2=" " tag="500"><subfield code="a">Issued with the Approbation of Right Rev. P.J. Baltes, Bishop of Alton.</subfield></datafield><datafield ind1=" " ind2=" " tag="588"><subfield code="a">Description based on: Vol. 5, no. 1 (May 5, 1882).</subfield></datafield><datafield ind1="2" ind2="0" tag="610"><subfield code="a">Catholic Church</subfield><subfield code="v">Newspapers.</subfield></datafield><datafield ind1="2" ind2="7" tag="610"><subfield code="a">Catholic Church.</subfield><subfield code="2">fast</subfield><subfield code="0">(OCoLC)fst00531720</subfield></datafield><datafield ind1=" " ind2="7" tag="655"><subfield code="a">Newspapers.</subfield><subfield code="2">fast</subfield><subfield code="0">(OCoLC)fst01423814</subfield></datafield><datafield ind1=" " ind2=" " tag="752"><subfield code="a">United States</subfield><subfield code="b">Illinois</subfield><subfield code="c">Clark</subfield><subfield code="d">Marshall.</subfield></datafield><datafield ind1="0" ind2="7" tag="785"><subfield code="a">T Church progress and weekly Catholic world</subfield><subfield code="w">(DLC)sn 92058932</subfield></datafield><datafield ind1="0" ind2="7" tag="785"><subfield code="t">Weekly Catholic world</subfield></datafield><datafield ind1="1" ind2=" " tag="029"><subfield code="a">AU@</subfield><subfield code="b">000025861163</subfield></datafield></record>